@article{DeRaedt:ClausalDiscovery,
  author = {De Raedt, Luc and Dehaspe, Luc},
  title = {Clausal Discovery},
  journal = {Mach. Learn.},
  issue_date = {Feb./March 1, 1997},
  volume = {26},
  number = {2-3},
  month = mar,
  year = {1997},
  issn = {0885-6125},
  pages = {99--146},
  numpages = {48},
  url = {http://dx.doi.org/10.1023/A:1007361123060},
  doi = {10.1023/A:1007361123060},
  acmid = {251650},
  publisher = {Kluwer Academic Publishers},
  address = {Hingham, MA, USA},
  keywords = {Data Mining, Induction, Inductive Logic Programming, Knowledge Discovery in Databases, Learning, Logic of Induction, Parallel Learning, Semantics for Induction},
}

@incollection{Wallace:PrinciplesCP,
  year={2004},
  isbn={978-3-540-23241-4},
  booktitle={Principles and Practice of Constraint Programming - CP 2004},
  volume={3258},
  series={Lecture Notes in Computer Science},
  editor={Wallace, Mark},
  doi={10.1007/978-3-540-30201-8_2},
  title={Constraint Programming Next Challenge: Simplicity of Use},
  url={http://dx.doi.org/10.1007/978-3-540-30201-8_2},
  publisher={Springer Berlin Heidelberg},
  author={Puget, Jean-Francois},
  pages={5-8},
  language={English}
}

@book{DeRaedt:LRLearning,
  title={Logical and relational learning},
  author={De Raedt, Luc},
  year={2008},
  publisher={Springer}
}

@article{DeRaedt:CondensedRepresentations,
  title={Condensed Representations for Inductive Logic Programming.},
  author={De Raedt, Luc and Ramon, Jan},
  journal={KR},
  volume={4},
  pages={438--446},
  year={2004}
}

@inproceedings{Beldiceanu:ModelSeeker,
  title={A model seeker: Extracting global constraint models from positive examples},
  author={Beldiceanu, Nicolas and Simonis, Helmut},
  booktitle={Principles and Practice of Constraint Programming},
  pages={141--157},
  year={2012},
  organization={Springer}
}

@inproceedings{Lallouet:LearningCP,
  title={On learning constraint problems},
  author={Lallouet, Arnaud and Lopez, Matthieu and Martin, Lionel and Vrain, Christel},
  booktitle={Tools with Artificial Intelligence (ICTAI), 2010 22nd IEEE International Conference on},
  volume={1},
  pages={45--52},
  year={2010},
  organization={IEEE}
}

@incollection{Simonis:IndustrialApplicationsCP,
  title={Building industrial applications with constraint programming},
  author={Simonis, Helmut},
  booktitle={Constraints in computational logics},
  pages={271--309},
  year={2001},
  publisher={Springer}
}

@ARTICLE{Dymchenki:GoogleCodeJamEclipse,
   author = {{Dymchenko}, S. and {Mykhailova}, M.},
    title = "{Declaratively solving tricky Google Code Jam problems with Prolog-based ECLiPSe CLP system}",
  journal = {ArXiv e-prints},
archivePrefix = "arXiv",
   eprint = {1412.2304},
 primaryClass = "cs.PL",
     year = 2014,
    month = dec,
   adsurl = {http://adsabs.harvard.edu/abs/2014arXiv1412.2304D},
  adsnote = {Provided by the SAO/NASA Astrophysics Data System}
}
